<record><leader>00000cas a22000007a 4500</leader><controlfield tag="001">18347043</controlfield><controlfield tag="008">880812d18941897aruwr ne      0    0eng d</controlfield><datafield ind1=" " ind2=" " tag="010"><subfield code="a">sn 88051059 </subfield></datafield><datafield ind1=" " ind2=" " tag="040"><subfield code="a">ANU</subfield><subfield code="b">eng</subfield><subfield code="c">ANU</subfield><subfield code="d">OCLCQ</subfield><subfield code="d">OCLCF</subfield><subfield code="d">OCLCO</subfield></datafield><datafield ind1=" " ind2=" " tag="042"><subfield code="a">msc</subfield></datafield><datafield ind1=" " ind2=" " tag="043"><subfield code="a">n-us-ar</subfield></datafield><datafield ind1="0" ind2=" " tag="130"><subfield code="a">Gentry journal (Gentry, Ark. : 1894)</subfield></datafield><datafield ind1="1" ind2="0" tag="245"><subfield code="a">Gentry journal.</subfield></datafield><datafield ind1=" " ind2=" " tag="260"><subfield code="a">Gentry, Ark. :</subfield><subfield code="b">D.L. Kost, J.G. Bennett</subfield></datafield><datafield ind1=" " ind2=" " tag="300"><subfield code="a">v.</subfield></datafield><datafield ind1=" " ind2=" " tag="310"><subfield code="a">Weekly</subfield></datafield><datafield ind1="1" ind2=" " tag="362"><subfield code="a">Began in 1894.</subfield></datafield><datafield ind1="0" ind2=" " tag="362"><subfield code="a">-v. 3, no. 21 (May 14, 1897).</subfield></datafield><datafield ind1=" " ind2=" " tag="588"><subfield code="a">Description based on: Vol. 2, no. 2 (Jan. 3, 1896).</subfield></datafield><datafield ind1=" " ind2="0" tag="651"><subfield code="a">Gentry (Ark.)</subfield><subfield code="v">Newspapers.</subfield></datafield><datafield ind1=" " ind2="7" tag="655"><subfield code="a">Newspapers.</subfield><subfield code="2">fast</subfield><subfield code="0">(OCoLC)fst01423814</subfield></datafield><datafield ind1=" " ind2="7" tag="651"><subfield code="a">Arkansas</subfield><subfield code="z">Gentry.</subfield><subfield code="2">fast</subfield><subfield code="0">(OCoLC)fst01217975</subfield></datafield><datafield ind1=" " ind2=" " tag="752"><subfield code="a">United States</subfield><subfield code="b">Arkansas</subfield><subfield code="c">Benton</subfield><subfield code="d">Gentry.</subfield></datafield><datafield ind1="0" ind2="7" tag="785"><subfield code="t">Decatur advance</subfield><subfield code="w">(DLC)sn 88051060</subfield></datafield><datafield ind1="0" ind2="7" tag="785"><subfield code="t">Journal-advance (Gentry, Ark. : 1897)</subfield><subfield code="w">(DLC)sn 85032951</subfield></datafield></record>